@inproceedings{burton2015elements,
  title={The elements of music: What are they, and who cares?},
  author={Burton, Russell and others},
  booktitle={Music: Educating for Life. ASME XXth National Conference Proceedings},
  pages={22},
  year={2015},
  organization={Australian Society for Music Education}
}


@article{higham2012tauesting,
  title={Testing models for the beginnings of the Aurignacian and the advent of figurative art and music: The radiocarbon chronology of Gei{\ss}enkl{\"o}sterle},
  author={Higham, Thomas and Basell, Laura and Jacobi, Roger and Wood, Rachel and Ramsey, Christopher Bronk and Conard, Nicholas J},
  journal={Journal of human evolution},
  volume={62},
  number={6},
  pages={664--676},
  year={2012},
  publisher={Elsevier}
}

@article{campbell1997music,
  title={Music, the universal language: Fact or fallacy?},
  author={Campbell, Patricia Shehan},
  journal={International Journal of Music Education},
  number={1},
  pages={32--39},
  year={1997},
  publisher={Sage Publications Sage UK: London, England}
}

@article{seeger1971reflections,
  title={Reflections upon a given topic: Music in universal perspective},
  author={Seeger, Charles},
  journal={Ethnomusicology},
  volume={15},
  number={3},
  pages={385--398},
  year={1971},
  publisher={JSTOR}
}

@inproceedings{voida2005listening,
  title={Listening in: practices surrounding iTunes music sharing},
  author={Voida, Amy and Grinter, Rebecca E and Ducheneaut, Nicolas and Edwards, W Keith and Newman, Mark W},
  booktitle={Proceedings of the SIGCHI conference on Human factors in computing systems},
  pages={191--200},
  year={2005}
}

@book{juslin2001music,
  title={Music and emotion: Theory and research.},
  author={Juslin, Patrik N and Sloboda, John A},
  year={2001},
  publisher={Oxford University Press}
}

@article{conard2009female,
  title={A female figurine from the basal Aurignacian of Hohle Fels Cave in southwestern Germany},
  author={Conard, Nicholas J},
  journal={Nature},
  volume={459},
  number={7244},
  pages={248--252},
  year={2009},
  publisher={Nature Publishing Group}
}

@article{tamura2001mixed,
  title={Mixed reality: Future dreams seen at the border between real and virtual worlds},
  author={Tamura, Hideyuki and Yamamoto, Hiroyuki and Katayama, Akihiro},
  journal={IEEE Computer Graphics and Applications},
  volume={21},
  number={6},
  pages={64--70},
  year={2001},
  publisher={IEEE}
}

@article{khantzian1983self,
  title={Self-preservation and the care of the self: Ego instincts reconsidered},
  author={Khantzian, EJ and Mack, John E},
  journal={The Psychoanalytic study of the child},
  volume={38},
  number={1},
  pages={209--232},
  year={1983},
  publisher={Taylor \& Francis}
}